%YAML 1.1
%TAG !u! tag:unity3d.com,2011:
--- !u!1 &4632023047183613435
GameObject:
  m_ObjectHideFlags: 0
  m_CorrespondingSourceObject: {fileID: 0}
  m_PrefabInstance: {fileID: 0}
  m_PrefabAsset: {fileID: 0}
  serializedVersion: 6
  m_Component:
  - component: {fileID: 2310657708709718565}
  - component: {fileID: 1684464954210893313}
  - component: {fileID: 2935214908693779800}
  - component: {fileID: 6968291125001738362}
  - component: {fileID: 4189353771859338310}
  m_Layer: 3
  m_Name: Player
  m_TagString: Player
  m_Icon: {fileID: 0}
  m_NavMeshLayer: 0
  m_StaticEditorFlags: 0
  m_IsActive: 1
--- !u!4 &2310657708709718565
Transform:
  m_ObjectHideFlags: 0
  m_CorrespondingSourceObject: {fileID: 0}
  m_PrefabInstance: {fileID: 0}
  m_PrefabAsset: {fileID: 0}
  m_GameObject: {fileID: 4632023047183613435}
  serializedVersion: 2
  m_LocalRotation: {x: 0, y: 0, z: 0, w: 1}
  m_LocalPosition: {x: -1.9, y: 2.72, z: 0}
  m_LocalScale: {x: 1, y: 1, z: 1}
  m_ConstrainProportionsScale: 0
  m_Children:
  - {fileID: 4100278730237425645}
  m_Father: {fileID: 0}
  m_LocalEulerAnglesHint: {x: 0, y: 0, z: 0}
--- !u!61 &1684464954210893313
BoxCollider2D:
  m_ObjectHideFlags: 0
  m_CorrespondingSourceObject: {fileID: 0}
  m_PrefabInstance: {fileID: 0}
  m_PrefabAsset: {fileID: 0}
  m_GameObject: {fileID: 4632023047183613435}
  m_Enabled: 1
  m_Density: 1
  m_Material: {fileID: 0}
  m_IncludeLayers:
    serializedVersion: 2
    m_Bits: 0
  m_ExcludeLayers:
    serializedVersion: 2
    m_Bits: 0
  m_LayerOverridePriority: 0
  m_ForceSendLayers:
    serializedVersion: 2
    m_Bits: 4294967295
  m_ForceReceiveLayers:
    serializedVersion: 2
    m_Bits: 4294967295
  m_ContactCaptureLayers:
    serializedVersion: 2
    m_Bits: 4294967295
  m_CallbackLayers:
    serializedVersion: 2
    m_Bits: 4294967295
  m_IsTrigger: 0
  m_UsedByEffector: 0
  m_UsedByComposite: 0
  m_Offset: {x: 0, y: 1.6}
  m_SpriteTilingProperty:
    border: {x: 0, y: 0, z: 0, w: 0}
    pivot: {x: 0, y: 0}
    oldSize: {x: 0, y: 0}
    newSize: {x: 0, y: 0}
    adaptiveTilingThreshold: 0
    drawMode: 0
    adaptiveTiling: 0
  m_AutoTiling: 0
  serializedVersion: 2
  m_Size: {x: 1, y: 3.2}
  m_EdgeRadius: 0
--- !u!50 &2935214908693779800
Rigidbody2D:
  serializedVersion: 4
  m_ObjectHideFlags: 0
  m_CorrespondingSourceObject: {fileID: 0}
  m_PrefabInstance: {fileID: 0}
  m_PrefabAsset: {fileID: 0}
  m_GameObject: {fileID: 4632023047183613435}
  m_BodyType: 0
  m_Simulated: 1
  m_UseFullKinematicContacts: 0
  m_UseAutoMass: 0
  m_Mass: 1
  m_LinearDrag: 0
  m_AngularDrag: 0.05
  m_GravityScale: 1
  m_Material: {fileID: 0}
  m_IncludeLayers:
    serializedVersion: 2
    m_Bits: 0
  m_ExcludeLayers:
    serializedVersion: 2
    m_Bits: 0
  m_Interpolate: 0
  m_SleepingMode: 1
  m_CollisionDetection: 0
  m_Constraints: 4
--- !u!114 &6968291125001738362
MonoBehaviour:
  m_ObjectHideFlags: 0
  m_CorrespondingSourceObject: {fileID: 0}
  m_PrefabInstance: {fileID: 0}
  m_PrefabAsset: {fileID: 0}
  m_GameObject: {fileID: 4632023047183613435}
  m_Enabled: 1
  m_EditorHideFlags: 0
  m_Script: {fileID: 11500000, guid: 70f90ab759b1a214f955ca35b8963b89, type: 3}
  m_Name: 
  m_EditorClassIdentifier: 
  moveSpeed: 4
  maxJumpHeight: 2
  minJumpHeight: 1
  timeToJumpApex: 0.4
  numberOfJumpMax: 2
  velocity: {x: 0, y: 0, z: 0}
  isFacingRight: 0
  input: {x: 0, y: 0}
  controller: {fileID: 0}
  anim: {fileID: 0}
--- !u!114 &4189353771859338310
MonoBehaviour:
  m_ObjectHideFlags: 0
  m_CorrespondingSourceObject: {fileID: 0}
  m_PrefabInstance: {fileID: 0}
  m_PrefabAsset: {fileID: 0}
  m_GameObject: {fileID: 4632023047183613435}
  m_Enabled: 1
  m_EditorHideFlags: 0
  m_Script: {fileID: 11500000, guid: 4bcaa272cb5e01643bb6ca3ddd7e3cc9, type: 3}
  m_Name: 
  m_EditorClassIdentifier: 
  collisionMask:
    serializedVersion: 2
    m_Bits: 64
  horizontalCollide: 1
  horizontalRayCount: 10
  verticalRayCount: 10
  horizontalRaySpacing: 0
  verticalRaySpacing: 0
  boxcollider: {fileID: 1684464954210893313}
  playerInput: {x: 0, y: 0}
  HandlePhysic: 1
--- !u!1001 &4104851734087990839
PrefabInstance:
  m_ObjectHideFlags: 0
  serializedVersion: 2
  m_Modification:
    serializedVersion: 3
    m_TransformParent: {fileID: 2310657708709718565}
    m_Modifications:
    - target: {fileID: 1576765955616764, guid: a423ed0cf40f30646b531f27d523b10f, type: 3}
      propertyPath: m_Name
      value: White Ninja
      objectReference: {fileID: 0}
    - target: {fileID: 4064620435135322, guid: a423ed0cf40f30646b531f27d523b10f, type: 3}
      propertyPath: m_LocalEulerAnglesHint.z
      value: 169.59958
      objectReference: {fileID: 0}
    - target: {fileID: 4304626747952718, guid: a423ed0cf40f30646b531f27d523b10f, type: 3}
      propertyPath: m_LocalEulerAnglesHint.z
      value: -95.46909
      objectReference: {fileID: 0}
    - target: {fileID: 4368301022205320, guid: a423ed0cf40f30646b531f27d523b10f, type: 3}
      propertyPath: m_LocalEulerAnglesHint.z
      value: 0.320167
      objectReference: {fileID: 0}
    - target: {fileID: 4451388188854258, guid: a423ed0cf40f30646b531f27d523b10f, type: 3}
      propertyPath: m_LocalEulerAnglesHint.z
      value: -87.27368
      objectReference: {fileID: 0}
    - target: {fileID: 4575208309639642, guid: a423ed0cf40f30646b531f27d523b10f, type: 3}
      propertyPath: m_LocalScale.x
      value: 0.6
      objectReference: {fileID: 0}
    - target: {fileID: 4575208309639642, guid: a423ed0cf40f30646b531f27d523b10f, type: 3}
      propertyPath: m_LocalScale.y
      value: 0.6
      objectReference: {fileID: 0}
    - target: {fileID: 4575208309639642, guid: a423ed0cf40f30646b531f27d523b10f, type: 3}
      propertyPath: m_LocalPosition.x
      value: 0
      objectReference: {fileID: 0}
    - target: {fileID: 4575208309639642, guid: a423ed0cf40f30646b531f27d523b10f, type: 3}
      propertyPath: m_LocalPosition.y
      value: 0
      objectReference: {fileID: 0}
    - target: {fileID: 4575208309639642, guid: a423ed0cf40f30646b531f27d523b10f, type: 3}
      propertyPath: m_LocalPosition.z
      value: 0
      objectReference: {fileID: 0}
    - target: {fileID: 4575208309639642, guid: a423ed0cf40f30646b531f27d523b10f, type: 3}
      propertyPath: m_LocalRotation.w
      value: 1
      objectReference: {fileID: 0}
    - target: {fileID: 4575208309639642, guid: a423ed0cf40f30646b531f27d523b10f, type: 3}
      propertyPath: m_LocalRotation.x
      value: -0
      objectReference: {fileID: 0}
    - target: {fileID: 4575208309639642, guid: a423ed0cf40f30646b531f27d523b10f, type: 3}
      propertyPath: m_LocalRotation.y
      value: -0
      objectReference: {fileID: 0}
    - target: {fileID: 4575208309639642, guid: a423ed0cf40f30646b531f27d523b10f, type: 3}
      propertyPath: m_LocalRotation.z
      value: -0
      objectReference: {fileID: 0}
    - target: {fileID: 4575208309639642, guid: a423ed0cf40f30646b531f27d523b10f, type: 3}
      propertyPath: m_LocalEulerAnglesHint.x
      value: 0
      objectReference: {fileID: 0}
    - target: {fileID: 4575208309639642, guid: a423ed0cf40f30646b531f27d523b10f, type: 3}
      propertyPath: m_LocalEulerAnglesHint.y
      value: 0
      objectReference: {fileID: 0}
    - target: {fileID: 4575208309639642, guid: a423ed0cf40f30646b531f27d523b10f, type: 3}
      propertyPath: m_LocalEulerAnglesHint.z
      value: 0
      objectReference: {fileID: 0}
    - target: {fileID: 4713637305394366, guid: a423ed0cf40f30646b531f27d523b10f, type: 3}
      propertyPath: m_LocalEulerAnglesHint.z
      value: -170.95079
      objectReference: {fileID: 0}
    - target: {fileID: 4724542185628358, guid: a423ed0cf40f30646b531f27d523b10f, type: 3}
      propertyPath: m_LocalEulerAnglesHint.z
      value: 2.6650028
      objectReference: {fileID: 0}
    - target: {fileID: 4763267241109380, guid: a423ed0cf40f30646b531f27d523b10f, type: 3}
      propertyPath: m_LocalEulerAnglesHint.z
      value: 9.76669
      objectReference: {fileID: 0}
    - target: {fileID: 4807580115531946, guid: a423ed0cf40f30646b531f27d523b10f, type: 3}
      propertyPath: m_LocalEulerAnglesHint.z
      value: 90.392426
      objectReference: {fileID: 0}
    m_RemovedComponents: []
    m_RemovedGameObjects: []
    m_AddedGameObjects: []
    m_AddedComponents: []
  m_SourcePrefab: {fileID: 100100000, guid: a423ed0cf40f30646b531f27d523b10f, type: 3}
--- !u!4 &4100278730237425645 stripped
Transform:
  m_CorrespondingSourceObject: {fileID: 4575208309639642, guid: a423ed0cf40f30646b531f27d523b10f, type: 3}
  m_PrefabInstance: {fileID: 4104851734087990839}
  m_PrefabAsset: {fileID: 0}
